<?xml version='1.0' encoding='utf-8'?>
<record xmlns="http://www.loc.gov/MARC21/slim" xmlns:xsi="http://www.w3.org/2001/XMLSchema-instance">
  <leader>^^^^^npcaa22003131a^4500</leader>
  <controlfield tag="001">002740069</controlfield>
  <controlfield tag="005">20040227000000.0</controlfield>
  <controlfield tag="008">940131i18381911miu^^^^^|^^^^^^^^^^^eng^|</controlfield>
  <datafield tag="035" ind1=" " ind2=" ">
    <subfield code="a">(RLIN)MIUV85-A1786</subfield>
  </datafield>
  <datafield tag="035" ind1=" " ind2=" ">
    <subfield code="a">(OCoLC)ocm84276045</subfield>
  </datafield>
  <datafield tag="040" ind1=" " ind2=" ">
    <subfield code="a">MiU-H</subfield>
    <subfield code="c">MiU-H</subfield>
    <subfield code="e">appm</subfield>
  </datafield>
  <datafield tag="110" ind1="1" ind2=" ">
    <subfield code="a">Sterling (Mich. : Township)</subfield>
  </datafield>
  <datafield tag="245" ind1="0" ind2="0">
    <subfield code="a">Sterling Township records,</subfield>
    <subfield code="f">1838-1911.</subfield>
  </datafield>
  <datafield tag="300" ind1=" " ind2=" ">
    <subfield code="a">16 v. (3 boxes)</subfield>
  </datafield>
  <datafield tag="530" ind1=" " ind2=" ">
    <subfield code="a">Microfilm copy available in part.</subfield>
  </datafield>
  <datafield tag="520" ind1=" " ind2=" ">
    <subfield code="a">General township records, 1842-1904; primary school records, 1838-1865, library records, 1878-1904; justice of the peace docket, 1863-1877; voting records, 1868-1911; road records, 1842-1905; clerk's accounts, 1882-1902; and treasurer's records, 1871-1907.</subfield>
  </datafield>
  <datafield tag="500" ind1=" " ind2=" ">
    <subfield code="a">Donor: 2895</subfield>
  </datafield>
  <datafield tag="650" ind1=" " ind2="0">
    <subfield code="a">Education</subfield>
    <subfield code="z">Michigan</subfield>
    <subfield code="z">Sterling Heights.</subfield>
  </datafield>
  <datafield tag="650" ind1=" " ind2="0">
    <subfield code="a">Elections</subfield>
    <subfield code="z">Michigan</subfield>
    <subfield code="z">Sterling Heights.</subfield>
  </datafield>
  <datafield tag="650" ind1=" " ind2="0">
    <subfield code="a">Justices of the peace</subfield>
    <subfield code="z">Michigan</subfield>
    <subfield code="z">Sterling Heights.</subfield>
  </datafield>
  <datafield tag="650" ind1=" " ind2="0">
    <subfield code="a">Libraries</subfield>
    <subfield code="z">Michigan</subfield>
    <subfield code="z">Sterling Heights.</subfield>
  </datafield>
  <datafield tag="651" ind1=" " ind2="0">
    <subfield code="a">Sterling Heights (Mich.)</subfield>
  </datafield>
  <datafield tag="650" ind1=" " ind2="0">
    <subfield code="a">Roads</subfield>
    <subfield code="z">Michigan</subfield>
    <subfield code="z">Sterling Heights.</subfield>
  </datafield>
  <datafield tag="650" ind1=" " ind2="0">
    <subfield code="a">Schools</subfield>
    <subfield code="z">Michigan</subfield>
    <subfield code="z">Sterling Heights.</subfield>
  </datafield>
  <datafield tag="776" ind1="0" ind2=" ">
    <subfield code="7">c1bc</subfield>
    <subfield code="a">Sterling (Mich. : Township)</subfield>
    <subfield code="t">Records [microform], 1838-1911.</subfield>
    <subfield code="w">(CStRLIN)MIUV92-A22</subfield>
  </datafield>
  <datafield tag="852" ind1="8" ind2=" ">
    <subfield code="a">MiU-H</subfield>
    <subfield code="b">BENT</subfield>
    <subfield code="h">851786 Cb.2 2</subfield>
  </datafield>
  <datafield tag="998" ind1=" " ind2=" ">
    <subfield code="s">9554</subfield>
  </datafield>
  <datafield tag="955" ind1=" " ind2=" ">
    <subfield code="b">BENT</subfield>
    <subfield code="p">B1055053</subfield>
  </datafield>
</record>
